<record><leader>00000cas a22000007a 4500</leader><controlfield tag="001">11161826</controlfield><controlfield tag="008">840917d18751877inuwr ne      0    0eng c</controlfield><datafield ind1=" " ind2=" " tag="010"><subfield code="a">sn 84037914 </subfield></datafield><datafield ind1=" " ind2=" " tag="040"><subfield code="a">NPX</subfield><subfield code="b">eng</subfield><subfield code="c">NPX</subfield><subfield code="d">NPI</subfield><subfield code="d">CUI</subfield><subfield code="d">OCLCQ</subfield><subfield code="d">OCLCF</subfield></datafield><datafield ind1=" " ind2=" " tag="042"><subfield code="a">pcc</subfield></datafield><datafield ind1=" " ind2=" " tag="043"><subfield code="a">n-us-in</subfield></datafield><datafield ind1=" " ind2="4" tag="050"><subfield code="a">AN</subfield></datafield><datafield ind1="0" ind2=" " tag="130"><subfield code="a">Sunday chronicle (Logansport, Ind.)</subfield></datafield><datafield ind1="1" ind2="4" tag="245"><subfield code="a">The Sunday chronicle.</subfield></datafield><datafield ind1="3" ind2="0" tag="246"><subfield code="a">Logansport Sunday chronicle</subfield></datafield><datafield ind1=" " ind2=" " tag="260"><subfield code="a">Logansport, Ind. :</subfield><subfield code="b">H.J. McSheehy &amp; T.W. Flood,</subfield><subfield code="c">1875-</subfield></datafield><datafield ind1=" " ind2=" " tag="310"><subfield code="a">Weekly</subfield></datafield><datafield ind1="0" ind2=" " tag="362"><subfield code="a">Vol. 1, no. 1 (Apr. 18, 1875)-</subfield></datafield><datafield ind1="1" ind2=" " tag="362"><subfield code="a">Ceased in Jan. 1877.</subfield></datafield><datafield ind1=" " ind2=" " tag="500"><subfield code="a">Variant title &lt;Oct. 24, 1875&gt;, Logansport Sunday chronicle.</subfield></datafield><datafield ind1=" " ind2="0" tag="651"><subfield code="a">Logansport (Ind.)</subfield><subfield code="v">Newspapers.</subfield></datafield><datafield ind1=" " ind2="0" tag="651"><subfield code="a">Cass County (Ind.)</subfield><subfield code="v">Newspapers.</subfield></datafield><datafield ind1=" " ind2="7" tag="655"><subfield code="a">Newspapers.</subfield><subfield code="2">fast</subfield><subfield code="0">(OCoLC)fst01423814</subfield></datafield><datafield ind1=" " ind2="7" tag="651"><subfield code="a">Indiana</subfield><subfield code="z">Cass County.</subfield><subfield code="2">fast</subfield><subfield code="0">(OCoLC)fst01206116</subfield></datafield><datafield ind1=" " ind2="7" tag="651"><subfield code="a">Indiana</subfield><subfield code="z">Logansport.</subfield><subfield code="2">fast</subfield><subfield code="0">(OCoLC)fst01206115</subfield></datafield><datafield ind1=" " ind2=" " tag="752"><subfield code="a">United States</subfield><subfield code="b">Indiana</subfield><subfield code="c">Cass</subfield><subfield code="d">Logansport.</subfield></datafield><datafield ind1="0" ind2="0" tag="785"><subfield code="t">Chronicle (Logansport, Ind.)</subfield><subfield code="w">(DLC)sn 87055901</subfield><subfield code="w">(OCoLC)15604851</subfield></datafield></record>